<?xml version="1.0" encoding="UTF-8"?><collection xmlns="http://www.loc.gov/MARC21/slim"><record><leader>00355nam--2200121-i-4500</leader><controlfield tag="001">000012485</controlfield><controlfield tag="002">20161230</controlfield><controlfield tag="005">20161230201029</controlfield><controlfield tag="008">060222s1000------------r-----000-0-eng-d</controlfield><datafield ind1=" " ind2=" " tag="245"><subfield code="a">Dezvoltarea tehnico-economica a canadei sinteza de date comentate</subfield></datafield><datafield ind1=" " ind2=" " tag="260"><subfield code="a">Bucuresti, Institutul Central De Documentare Tehnica, 1971</subfield></datafield><datafield ind1=" " ind2=" " tag="490"><subfield code="a">129p</subfield></datafield><datafield ind1=" " ind2=" " tag="852"><subfield code="a">338.984(71)</subfield></datafield></record></collection>